@online{the-simple-pendulum,
    title = {{The Simple Pendulum}},
    url = {https://www.acs.psu.edu/drussell/Demos/Pendulum/Pendula.html},
    urldate = {2022-09-30},
    organization = {The Pennsylvania State University},
    date = {2011}
}

@online{damped-oscillations,
    author = {Daniel A. Russell},
    title = {{Damped Oscillations}},
    url = {https://phys.libretexts.org/Bookshelves/University_Physics/Book%3A_University_Physics_(OpenStax)/Book%3A_University_Physics_I_-_Mechanics_Sound_Oscillations_and_Waves_(OpenStax)/15%3A_Oscillations/15.06%3A_Damped_Oscillations},
    urldate = {2022-09-30},
    organization = {LibreTexts Physics},
    date = {2022-09-22}
}

@online{reaction-time,
    title = {{Experiment: How Fast Your Brain Reacts To Stimuli}},
    url = {https://backyardbrains.com/experiments/reactiontime},
    urldate = {2022-09-30},
    organization = {Backyard Brains},
}

@online{_what-is-yeast,
    title = {{What is Yeast?}},
    url = {https://www.singerinstruments.com/resource/what-is-yeast/},
    urldate = {2022-03},
    organization = {Singer Instruments},
    date = {2015-03-15}
}

@online{what-is-yeast,
    title = {{What is Yeast?}},
    url = {https://www.singerinstruments.com/resource/what-is-yeast/},
    urldate = {2022-03},
    organization = {Singer Instruments},
    date = {2015-03-15}
}
